<?xml version="1.0" encoding="UTF-8"?><collection xmlns="http://www.loc.gov/MARC21/slim"><record><leader>00545nam--2200157-i-4500</leader><controlfield tag="001">000033097</controlfield><controlfield tag="002">20161230</controlfield><controlfield tag="005">20170103223757</controlfield><controlfield tag="008">060222s1000------------r-----000-0-eng-d</controlfield><datafield ind1=" " ind2=" " tag="080"><subfield code="a">546.064:543.4</subfield></datafield><datafield ind1=" " ind2=" " tag="245"><subfield code="a">Atomspektroskopische Spurenanalyse. Uberblick Uber Ihre Methoden, Apparativen Voraussetzungen Und Anwendungsgebiete</subfield><subfield code="b">Mit 33 Abbildungen Und 22 Tabellen</subfield></datafield><datafield ind1=" " ind2=" " tag="260"><subfield code="a">Leipzig</subfield><subfield code="b">Akad.Verlagsgesellschaft, Geest &amp; Portig k.-g</subfield><subfield code="c">1974</subfield></datafield><datafield ind1=" " ind2=" " tag="300"><subfield code="a">146 p</subfield></datafield><datafield ind1=" " ind2=" " tag="490"><subfield code="a">Moderne Spurenanalytik</subfield></datafield><datafield ind1=" " ind2=" " tag="852"><subfield code="a">41926</subfield></datafield><datafield ind1=" " ind2=" " tag="CAT"><subfield code="a">SYS</subfield><subfield code="c">20170103</subfield><subfield code="h">223757</subfield></datafield></record></collection>